@article{ashton1999introduction,
  title={An Introduction to the Internet of Things (IoT)},
  author={Ashton, Kevin},
  journal={RFID Journal},
  year={1999}
}
@misc{moore1965cramming,
  title={Cramming more components onto integrated circuits},
  author={Moore, Gordon E and others},
  year={1965},
  publisher={McGraw-Hill New York, NY, USA:}
}
@misc{EUdataregulations2018,
  title = {2018 reform of EU data protection rules},
  url = {https://ec.europa.eu/commission/sites/beta-political/files/data-protection-factsheet-changes_en.pdf},
  author = {{European Commission}},
  year = {2018}
}
@misc{CCPA,
  title = {AB-375 Privacy: personal information: businesses.},
  url = {https://leginfo.legislature.ca.gov/faces/billTextClient.xhtml?bill_id=201720180AB375},
  author = {{California State Legislature}},
  year = {2018}
}
@INPROCEEDINGS{4531149,
author={D. {Halperin} and T. S. {Heydt-Benjamin} and B. {Ransford} and S. S. {Clark} and B. {Defend} and W. {Morgan} and K. {Fu} and T. {Kohno} and W. H. {Maisel}},
booktitle={2008 IEEE Symposium on Security and Privacy (sp 2008)},
title={Pacemakers and Implantable Cardiac Defibrillators: Software Radio Attacks and Zero-Power Defenses},
year={2008},
volume={},
number={},
pages={129-142},
keywords={cardiovascular system;defibrillators;health and safety;pacemakers;programmable circuits;security;software radio;terrorism;pacemaker technology;implantable cardioverter defibrillators;software radio attacks;zero-power defenses;patient safety;patient privacy;partial reverse-engineering;radiocommunications protocol;oscilloscope;security aspects;power consumption;RF power harvesting;implantable medical devices;human-perceptible mitigation techniques;Pacemakers;Software radio;Security;Privacy;Protocols;Software safety;Cardiology;Programming profession;Frequency;Oscilloscopes;medical safety;implantable medical devices;security;privacy;pervasive computing},
doi={10.1109/SP.2008.31},
ISSN={2375-1207},
month={May},}
@article{evans2011internet,
  title={The internet of things: How the next evolution of the internet is changing everything},
  author={Evans, Dave},
  journal={CISCO white paper},
  volume={1},
  number={2011},
  pages={1--11},
  year={2011}
}
@article{pultarova2016webcam,
  title={Webcam hack shows vulnerability of connected devices},
  author={Pultarova, Tereza},
  journal={Engineering \& Technology},
  volume={11},
  number={11},
  pages={10--10},
  year={2016},
  publisher={IET}
}
@article{banks2019mqtt,
  title={MQTT Version 5.0},
  author={Banks, A and Briggs, E and Borgendale, K and Gupta, R},
  journal={OASIS Standard},
  year={2019}
}
@inproceedings{mijovic2016comparing,
  title={Comparing application layer protocols for the Internet of Things via experimentation},
  author={Mijovic, Stefan and Shehu, Erion and Buratti, Chiara},
  booktitle={2016 IEEE 2nd International Forum on Research and Technologies for Society and Industry Leveraging a better tomorrow (RTSI)},
  pages={1--5},
  year={2016},
  organization={IEEE}
}
@inproceedings{de2019performance,
  title={Performance Evaluation of MQTT Brokers in the Internet of Things for Smart Cities},
  author={de Oliveira, Davi L and Veloso, Artur F da S and Sobral, Jos{\'e} VV and Rab{\^e}lo, Ricardo AL and Rodrigues, Joel JPC and Solic, Petar},
  booktitle={2019 4th International Conference on Smart and Sustainable Technologies (SpliTech)},
  pages={1--6},
  year={2019},
  organization={IEEE}
}
@article{light2017mosquitto,
  title={Mosquitto: server and client implementation of the MQTT protocol},
  author={Light, Roger},
  journal={Journal of Open Source Software},
  volume={2},
  number={13},
  pages={265},
  year={2017}
}
