
%
%  ProjectPlan.bib - source text for project plan bibliography
%
@online{EUdataregulations2018,
    title = {2018 reform of EU data protection rules},
    url = {https://ec.europa.eu/commission/sites/beta-political/files/data-protection-factsheet-changes_en.pdf},
    organization = {European Commission},
    date = {2018-05-25},
    urldate = {2020-01-24}
}
@INPROCEEDINGS{4531149,
author={D. {Halperin} and T. S. {Heydt-Benjamin} and B. {Ransford} and S. S. {Clark} and B. {Defend} and W. {Morgan} and K. {Fu} and T. {Kohno} and W. H. {Maisel}},
booktitle={2008 IEEE Symposium on Security and Privacy (sp 2008)},
title={Pacemakers and Implantable Cardiac Defibrillators: Software Radio Attacks and Zero-Power Defenses},
year={2008},
volume={},
number={},
pages={129-142},
keywords={cardiovascular system;defibrillators;health and safety;pacemakers;programmable circuits;security;software radio;terrorism;pacemaker technology;implantable cardioverter defibrillators;software radio attacks;zero-power defenses;patient safety;patient privacy;partial reverse-engineering;radiocommunications protocol;oscilloscope;security aspects;power consumption;RF power harvesting;implantable medical devices;human-perceptible mitigation techniques;Pacemakers;Software radio;Security;Privacy;Protocols;Software safety;Cardiology;Programming profession;Frequency;Oscilloscopes;medical safety;implantable medical devices;security;privacy;pervasive computing},
doi={10.1109/SP.2008.31},
ISSN={2375-1207},
month={May},}
@inproceedings{10.1145/3366610.3368099,
 author = {Markovic, Milan and Edwards, Peter},
 title = {Enhancing Transparency of MQTT Brokers For IoT Applications Through Provenance Streams},
 year = {2019},
 isbn = {9781450370288},
 publisher = {Association for Computing Machinery},
 address = {New York, NY, USA},
 url = {https://doi.org/10.1145/3366610.3368099},
 doi = {10.1145/3366610.3368099},
 booktitle = {Proceedings of the 6th International Workshop on Middleware and Applications for the Internet of Things},
 pages = {17–20},
 numpages = {4},
 keywords = {transparency, provenance, internet of things, mqtt},
 location = {Davis, CA, USA},
 series = {M4IoT ’19}
}
@INPROCEEDINGS{8523942,
author={N. {Klaokliang} and P. {Teawtim} and P. {Aimtongkham} and C. {So-In} and A. {Niruntasukrat}},
booktitle={2018 Seventh ICT International Student Project Conference (ICT-ISPC)},
title={A Novel IoT Authorization Architecture on Hyperledger Fabric With Optimal Consensus Using Genetic Algorithm},
year={2018},
volume={},
number={},
pages={1-5},
keywords={authorisation;genetic algorithms;Internet of Things;input transactions;transaction transfer success rate;distributed authorization architecture;Internet of Things;hyperledger fabric framework;genetic algorithm;IoT authorization architecture;GA Kafka;optimization;optimal consensus component;Authorization;Computer architecture;Fabrics;Genetic algorithms;Peer-to-peer computing;Servers;Internet of Thing;Authorization architecture;Hyperledger Fabric;Consensus optimization},
doi={10.1109/ICT-ISPC.2018.8523942},
ISSN={null},
month={July},}
